@misc{opencv_CameraCalibration,
    author = {OpenCV},
    title = {Camera Calibration and 3D Reconstruction},
    year = {2015},
   url = "http://docs.opencv.org/modules/calib3d/doc/camera_calibration_and_3d_reconstruction.html",
   note = "[Online; accessed 16-March-2015]"
}
@book {OpenCv_Buch_ges,
	title = {Learning OpenCV},
	year = {2008},
	publisher = {O{\textquoteright}Reilly Media Inc.},
	organization = {O{\textquoteright}Reilly Media Inc.},
	keywords = {AI, artificial intelligence, computer vision, machine learning, perception, vision},
	issn = {978-0-596-51613-0},
	url = {http://oreilly.com/catalog/9780596516130},
	author = {Gary Bradski and Adrian Kaehler}
}
@book {OpenCv_What_Is,
	title = {Learning OpenCV},
	year = {2008},
	publisher = {O{\textquoteright}Reilly Media Inc.},
	organization = {O{\textquoteright}Reilly Media Inc.},
	keywords = {AI, artificial intelligence, computer vision, machine learning, perception, vision},
	issn = {978-0-596-51613-0},
	url = {http://oreilly.com/catalog/9780596516130},
	author = {Gary Bradski and Adrian Kaehler},
	pages = {1 -- 7}
}
@book {OpenCv_Buch_Lochkamera,
	title = {Learning OpenCV},
	year = {2008},
	publisher = {O{\textquoteright}Reilly Media Inc.},
	organization = {O{\textquoteright}Reilly Media Inc.},
	keywords = {AI, artificial intelligence, computer vision, machine learning, perception, vision},
	issn = {978-0-596-51613-0},
	url = {http://oreilly.com/catalog/9780596516130},
	author = {Gary Bradski and Adrian Kaehler},
	pages = {371 -- 372}
}
@book {OpenCv_Buch_Kameramodell,
	title = {Learning OpenCV},
	year = {2008},
	publisher = {O{\textquoteright}Reilly Media Inc.},
	organization = {O{\textquoteright}Reilly Media Inc.},
	keywords = {AI, artificial intelligence, computer vision, machine learning, perception, vision},
	issn = {978-0-596-51613-0},
	url = {http://oreilly.com/catalog/9780596516130},
	author = {Gary Bradski and Adrian Kaehler},
	pages = {373 -- 374}
}
@book {OpenCv_Buch_Verzerrung,
	title = {Learning OpenCV},
	year = {2008},
	publisher = {O{\textquoteright}Reilly Media Inc.},
	organization = {O{\textquoteright}Reilly Media Inc.},
	keywords = {AI, artificial intelligence, computer vision, machine learning, perception, vision},
	issn = {978-0-596-51613-0},
	url = {http://oreilly.com/catalog/9780596516130},
	author = {Gary Bradski and Adrian Kaehler},
	pages = {375 -- 377}
}
@book {OpenCv_Buch_Kalibrierung_rotation,
	title = {Learning OpenCV},
	year = {2008},
	publisher = {O{\textquoteright}Reilly Media Inc.},
	organization = {O{\textquoteright}Reilly Media Inc.},
	keywords = {AI, artificial intelligence, computer vision, machine learning, perception, vision},
	issn = {978-0-596-51613-0},
	url = {http://oreilly.com/catalog/9780596516130},
	author = {Gary Bradski and Adrian Kaehler},
	pages = {378 -- 380}
}
@book {OpenCv_Buch_Kalibrierung,
	title = {Learning OpenCV},
	year = {2008},
	publisher = {O{\textquoteright}Reilly Media Inc.},
	organization = {O{\textquoteright}Reilly Media Inc.},
	keywords = {AI, artificial intelligence, computer vision, machine learning, perception, vision},
	issn = {978-0-596-51613-0},
	url = {http://oreilly.com/catalog/9780596516130},
	author = {Gary Bradski and Adrian Kaehler},
	pages = {387 -- 380}
}
@misc{Kamera_Kalibrierung,
    author = {Prof. Dr.-Ing. Bernhard Lang},
    title = {Vorgehen zur Kalibrierung von Kamerabildern },
    year = {2013},
   url = "https://my.hs-osnabrueck.de/ecs/fileadmin/users/346/upload/Bildverarbeitung/03_Kamerakalibrierung/03_Kamerakalibrierung.pdf",
   note = "Vorlesungsunterlagen Bildverarbeitung, [Online; accessed 16-March-2015]"
}
@misc{ wiki_Wha_is_OPenCV,
   author = "Wikipedia",
   title = "OpenCV --- Wikipedia{,} Die freie Enzyklopädie",
   year = "2015",
   url = "https://de.wikipedia.org/w/index.php?title=OpenCV&oldid=139462287",
   note = "[Online; Stand 16. Mai 2017]"
}
@misc{Verzerrung_Image,
   title = "MathWorks Dokumentation: cameraParameters class",
   autor = "The MathWorks, Inc.",
   year = "2015",
   url = "http://de.mathworks.com/help/vision/ref/cameraparameters-class.html",
   note = "[Online; accessed 27-March-2015]"
}
@article{MAI_Verhaltensbeobachtung,
	title = {{Das Muenchener Aufmerksamkeitsinventar (MAI): Ein Instrument zur systematischen Verhaltensbeobachtung der Schueleraufmerksamkeit im Unterricht}},
	author = {Helmke, Andreas and Renkl, Alexander},
	language = {eng},
	year = {1992},
	date = {1992},
	journal = {{Diagnostica}},
	volume = {38},
	number = {2},
	pages = {130--141}
}
@misc{ElSe,
	title = {ElSe: Ellipse Selection for Robust Pupil Detection in Real-World Environments},
	author = {Wolfgang Fuhl, Thiago C. Santini, Thomas Kübler, Enkelejda Kasneci},
	year = {2016},
	url = "http://dx.doi.org/10.1145/2857491.2857505"
}
@misc{MTCCN,
	title = "Joint Face Detection and Alignment using
	Multi-task Cascaded Convolutional Networks",
	author = {Kaipeng Zhang, Zhanpeng Zhang, Zhifeng Li, Yu Qiao},
	year = {2015}
}
@misc{OpenFace,
	title = "OpenFace: an open source facial behavior analysis toolkit" ,
	author = {Tadas Baltru\v{s}aitis, Peter Robinson, Louis-Philippe Morency},
	year = {2016}
}
@misc{ wiki_Bicubic,
	author = "Wikipedia",
	title = "Bicubic interpolation --- Wikipedia{,} The Free Encyclopedia",
	year = "2016",
	url = "https://en.wikipedia.org/w/index.php?title=Bicubic_interpolation&oldid=751879378",
	note = "[Online; accessed 6-May-2017]"
}
 @misc{ wiki_Lanczos,
	author = "Wikipedia",
	title = "Lanczos-Filter --- Wikipedia{,} Die freie Enzyklopädie",
	year = "2016",
	url = "https://de.wikipedia.org/w/index.php?title=Lanczos-Filter&oldid=150175121",
	note = "[Online; Stand 6. Mai 2017]"
}
@misc{ wiki_PDM,
	author = "Wikipedia",
	title = "Point distribution model --- Wikipedia{,} The Free Encyclopedia",
	year = "2017",
	url = "\url{https://en.wikipedia.org/w/index.php?title=Point_distribution_model&oldid=759054014}",
	note = "[Online; accessed 9-May-2017]"
}
@misc{ pdf_PDM,
	author = "Jan Kybic",
	title = "Point Distribution Models",
	year = "2007"
	url = "http://cmp.felk.cvut.cz/cmp/courses/33DZOzima2007/slidy/pointdistributionmodels.pdf"
}
@inproceedings{pdf_GAVAM,
	address = {Amsterdam, The Netherlands},
	title = {Generalized {Adaptive} {View}-based {Appearance} {Model}: {Integrated} {Framework} for {Monocular} {Head} {Pose} {Estimation}},
	url = {http://ict.usc.edu/pubs/Generalized%20Adaptive%20View-based%20Appearance%20Model-%20Integrated%20Framework%20for%20Monocular%20Head%20Pose%20Estimation.pdf},
	abstract = {Accurately estimating the person's head position and orientation is an important task for a wide range of applications such as driver awareness and human-robot interaction.Over the past two decades, many approaches have been suggested to solve this problem, each with its own advantages and disadvantages. In this paper, we present a probabilistic framework called Generalized Adaptive Viewbased Appearance Model (GAVAM) which integrates the advantages from three of these approaches: (1) the automatic initialization and stability of static head pose estimation, (2) the relative precision and user-independence of differential registration, and (3) the robustness and bounded drift of keyframe tracking. In our experiments, we show how the GAVAM model can be used to estimate head position and orientation in real-time using a simple monocular camera. Our experiments on two previously published datasets show that the GAVAM framework can accurately track for a long period of time ({\textbackslash}textbackslashtextgreater2 minutes) with an average accuracy of 3.5â¬š and 0.75in with an inertial sensor and a 3D magnetic sensor.},
	booktitle = {8th {International} {Conference} on {Automatic} {Face} and {Gesture} {Recognition}},
	author = {Morency, Louis-Philippe and Whitehill, Jacob and Movellan, Javier},
	year = {2008}
}
@article{BU_database,
	added-at = {2016-03-12T00:00:00.000+0100},
	author = {Cascia, Marco La and Sclaroff, Stan and Athitsos, Vassilis},
	biburl = {http://www.bibsonomy.org/bibtex/2cd24f1b2018b7542920fb6c1810b603e/dblp},
	ee = {http://doi.ieeecomputersociety.org/10.1109/34.845375},
	interhash = {f7d2f2c29cd79d1e6378015214c212ae},
	intrahash = {cd24f1b2018b7542920fb6c1810b603e},
	journal = {IEEE Trans. Pattern Anal. Mach. Intell.},
	keywords = {dblp},
	number = 4,
	pages = {322-336},
	timestamp = {2016-03-15T11:48:58.000+0100},
	title = {Fast, Reliable Head Tracking under Varying Illumination: An Approach Based on Registration of Texture-Mapped 3D Models.},
	url = {http://dblp.uni-trier.de/db/journals/pami/pami22.html#CasciaSA00},
	volume = 22,
	year = 2000
}
@inproceedings{ICT_database,
	address = {Providence, RI},
	title = {3D {Constrained} {Local} {Model} for {Rigid} and {Non}-{Rigid} {Facial} {Tracking}},
	url = {http://ict.usc.edu/pubs/3D%20Constrained%20Local%20Model%20for%20Rigid%20and%20Non-Rigid%20Facial%20Tracking.pdf},
	abstract = {We present 3D Constrained Local Model (CLM-Z) for robust facial feature tracking under varying pose. Our ap- proach integrates both depth and intensity information in a common framework. We show the benefit of our CLM- Z method in both accuracy and convergence rates over regular CLM formulation through experiments on publicly available datasets. Additionally, we demonstrate a way to combine a rigid head pose tracker with CLM-Z that benefits rigid head tracking. We show better performance than the current state-of-the-art approaches in head pose tracking with our extension of the generalised adaptive view-based appearance model (GAVAM).},
	booktitle = {Computer {Vision} and {Pattern} {Recognition} ({CVPR} 2012)},
	author = {Baltrusaitis, Tadas and Robinson, Peter and Morency, Louis-Philippe},
	month = jun,
	year = {2012}
}
@inproceedings{BIWI_database,
	added-at = {2014-07-31T00:00:00.000+0200},
	author = {Fanelli, Gabriele and Gall, Juergen and Gool, Luc J. Van},
	biburl = {http://www.bibsonomy.org/bibtex/27e027406c3291f105c245b0cce286ce3/dblp},
	booktitle = {CVPR},
	crossref = {conf/cvpr/2011},
	ee = {http://doi.ieeecomputersociety.org/10.1109/CVPR.2011.5995458},
	interhash = {2207ca935945a4e7c6c6f011130640aa},
	intrahash = {7e027406c3291f105c245b0cce286ce3},
	isbn = {978-1-4577-0394-2},
	keywords = {dblp},
	pages = {617-624},
	publisher = {IEEE Computer Society},
	timestamp = {2015-06-19T15:57:58.000+0200},
	title = {Real time head pose estimation with random regression forests.},
	url = {http://dblp.uni-trier.de/db/conf/cvpr/cvpr2011.html#FanelliGG11},
	year = 2011
}
@InProceedings{database_Face,
	author =    {Gary B. Huang and Marwan Mattar and Honglak Lee and 
	Erik Learned-Miller},
	title =     {Learning to Align from Scratch},
	booktitle = {NIPS},
	year =      {2012}
}
@phdthesis{aufmerksamkeit_Studie,
	author      = {Johannes Appel},
	title       = {Die Bedeutung der Aufgaben f{\"u}r das Beteiligungsverhalten der Sch{\"u}ler : eine Videostudie zur Wirksamkeit des Unterrichtsprozesses},
	pages       = {257},
	year        = {2015}
}
@inproceedings{database_Eye, 
	title = {Rendering of Eyes for Eye-Shape Registration and Gaze Estimation}, 
	author = {Erroll Wood and Tadas Baltrusaitis and Xucong Zhang and Yusuke Sugano and Peter Robinson and Andreas Bulling}, 
	year = {2015}, 
	date = {2015-12-12}, 
	booktitle = {Proc. of the IEEE International Conference on Computer Vision (ICCV 2015)}
}
@article{database_Face_Ori,
	author = {Fanelli, Gabriele and Dantone, Matthias and Gall, Juergen and Fossati, Andrea and Van Gool, Luc},
	title = {Random Forests for Real Time 3D Face Analysis},
	journal = {Int. J. Comput. Vision},
	year = {2013},
	month = {February},
	volume = {101},
	number = {3},
	pages = {437--458}
}